{
    "fields": [{"001": "53877"},
            {"005": "20191121100127.0"},
            {"035": {"ind1": " ",
                     "ind2": " ",
                     "subfields": [{"a": "(sugoroku)00001"}]}},
            {"041": {"ind1": " ",
                     "ind2": " ",
                     "subfields": [{"a": "jpn"}]}},
            {"245": {"ind1": " ",
                     "ind2": " ",
                     "subfields": [{"6": "880-02"},
                                   {"a": "Zensei fc5abki sugoroku "}]}},
            {"246": {"ind1": " ",
                     "ind2": " ",
                     "subfields": [{"a": "jhklfdahjlkdfalhjdfa"}]}},
            {"260": {"ind1": " ",
                     "ind2": " ",
                     "subfields": [{"a": "[Japan] "},
                                   {"b": "[publisher not identified]"},
                                   {"c": "[between 1868 and 1912]"}]}},
            {"269": {"ind1": " ",
                     "ind2": " ",
                     "subfields": [{"a": "1868"}]}},
            {"300": {"ind1": " ",
                     "ind2": " ",
                     "subfields": [{"a": "1 folded sheet"},
                                   {"b": "color illustrations"},
                                   {"c": "70 x 71 cm, folded to 24 x 18 cm"}]}},
            {"336": {"ind1": " ",
                     "ind2": " ",
                     "subfields": [{"a": "Photograph"}]}},
            {"500": {"ind1": " ",
                     "ind2": " ",
                     "subfields": [{"a": "Illustration of capitalists in the Maiji period; in form of a sugoroku game board."}]}},
            {"500": {"ind1": " ",
                     "ind2": " ",
                     "subfields": [{"a": "Reinforced cover pasted on verso of sugoroku."}]}},
            {"500": {"ind1": " ",
                     "ind2": " ",
                     "subfields": [{"a": "Actual size: 69.3 x 70.5 cm."}]}},
            {"650": {"ind1": " ",
                     "ind2": " ",
                     "subfields": [{"a": "Sugoroku (Game)"}]}},
            {"650": {"ind1": " ",
                     "ind2": " ",
                     "subfields": [{"a": "Capitalists and financiers -- Japan."}]}},
            {"650": {"ind1": " ",
                     "ind2": " ",
                     "subfields": [{"a": "Capitalists and financiers."}]}},
            {"650": {"ind1": " ",
                     "ind2": " ",
                     "subfields": [{"a": "Sugoroku (Game)"}]}},
            {"651": {"ind1": " ",
                     "ind2": " ",
                     "subfields": [{"a": "Japan."}]}},
            {"700": {"ind1": "1",
                     "ind2": " ",
                     "subfields": [{"6": "880-01"},
                                   {"a": "Utagawa, Hiroshige,  1826?-1869."}]}},
            {"852": {"ind1": " ",
                     "ind2": " ",
                     "subfields": [{"c": "East Asian Library"}]}},
            {"856": {"ind1": "4",
                     "ind2": "1",
                     "subfields": [{"": "http://oskicat.berkeley.edu/record=b17672647"},
                                   {"y": "View library catalog record."}]}},
            {"856": {"ind1": "4",
                     "ind2": " ",
                     "subfields": [{"y": "e585a8e79b9be5af8ce8b2b4e5a3bde58fa4e98c84"},
                                   {"s": "16031749"},
                                   {"": "http://digicoll.lib.berkeley.edu/record/53877/files/UCB-17-07.jpg"}]}},
            {"880": {"ind1": "1",
                     "ind2": " ",
                     "subfields": [{"6": "700-01"},
                                   {"a": "e6ad8ce5b79de5bba3e9878d,  1826?-1869."}]}},
            {"880": {"ind1": " ",
                     "ind2": " ",
                     "subfields": [{"6": "245-02"},
                                   {"a": "e585a8e79b9be5af8ce8b2b4e5a3bde58fa4e98c84 "}]}},
            {"901": {"ind1": " ",
                     "ind2": " ",
                     "subfields": [{"m": "b17672647"},
                                   {"o": "460783738"}]}},
            {"903": {"ind1": " ",
                     "ind2": " ",
                     "subfields": [{"b": "m"}]}},
            {"909": {"ind1": "C",
                     "ind2": "O",
                     "subfields": [{"o": "oai:digicoll.lib.berkeley.edu:53877"},
                                   {"p": "sugorok"}]}},
            {"912": {"ind1": " ",
                     "ind2": " ",
                     "subfields": [{"a": "jklfdahjklfdahjkldflahjk "}]}},
            {"980": {"ind1": " ",
                     "ind2": " ",
                     "subfields": [{"a": "sugorok"}]}},
            {"982": {"ind1": " ",
                     "ind2": " ",
                     "subfields": [{"a": "Sugorok"},
                                   {"b": "Sugoroku Game Board"}]}}],
 "leader": "          22        4500"}